@FOOTNOTE{Note1,key="Note1",note="The excluded network subdomains are: Language, Relatedness, Legal, Commerce, Recommendations, Collaboration, Fiction, Relationships, Email, Power grid and Airport."}
